@misc{Curl,
  title = {Curl Commands},
  howpublished = {https://gist.github.com},
  url = {https://gist.github.com/subfuzion/08c5d85437d5d4f00e58},
  note = {Accessed: 2019-01-30}
}

@misc{WARCreate,
  title = {{WARC}reate},
  date = {2015-04-03},
  howpublished = {http://warcreate.com/},
  url = {http://warcreate.com/},
  note = {Accessed: 2015-04-03}
}

@misc{WAIL,
  title = {{WAIL}},
  date = {2015-04-03},
  howpublished = {http://matkelly.com/wail/},
  url = {http://matkelly.com/wail/},
  note = {Accessed: 2015-04-03}
}

@misc{webrecorder,
  title = {webrecorder.io},
  date = {2015-04-03},
  howpublished = {https://webrecorder.io/},
  url = {https://webrecorder.io/},
  note = {Accessed: 2015-04-04}
}


